<record><leader>00000cas a22000007a 4500</leader><controlfield tag="001">1756932</controlfield><controlfield tag="008">751101d19191942mnuwr ne      0    0eng d</controlfield><datafield ind1=" " ind2=" " tag="010"><subfield code="a">sn 89064601 </subfield></datafield><datafield ind1=" " ind2=" " tag="040"><subfield code="a">MUL</subfield><subfield code="b">eng</subfield><subfield code="c">MUL</subfield><subfield code="d">MN#</subfield><subfield code="d">OCLCQ</subfield><subfield code="d">OCLCF</subfield><subfield code="d">OCLCO</subfield></datafield><datafield ind1="1" ind2=" " tag="029"><subfield code="a">AU@</subfield><subfield code="b">000025859417</subfield></datafield><datafield ind1=" " ind2=" " tag="042"><subfield code="a">msc</subfield></datafield><datafield ind1=" " ind2=" " tag="043"><subfield code="a">n-us-mn</subfield></datafield><datafield ind1=" " ind2=" " tag="052"><subfield code="a">4144</subfield><subfield code="b">G4</subfield></datafield><datafield ind1=" " ind2=" " tag="052"><subfield code="a">4143</subfield><subfield code="b">M2</subfield></datafield><datafield ind1="0" ind2="4" tag="245"><subfield code="a">The McLeod County republic.</subfield></datafield><datafield ind1=" " ind2=" " tag="260"><subfield code="a">Glencoe, McLeod County, Minn. :</subfield><subfield code="b">McLeod County Farmers Pub. Co.,</subfield><subfield code="c">1919-1942.</subfield></datafield><datafield ind1=" " ind2=" " tag="300"><subfield code="a">24 v.</subfield></datafield><datafield ind1=" " ind2=" " tag="310"><subfield code="a">Weekly</subfield></datafield><datafield ind1="0" ind2=" " tag="362"><subfield code="a">Vol. 1, no. 1 (Jan. 3, 1919)-v. 24, no. 43 (Oct. 22, 1942).</subfield></datafield><datafield ind1=" " ind2=" " tag="530"><subfield code="a">Available on microfilm from the Minnesota Historical Society.</subfield></datafield><datafield ind1=" " ind2="0" tag="651"><subfield code="a">Glencoe (Minn.)</subfield><subfield code="v">Newspapers.</subfield></datafield><datafield ind1=" " ind2="7" tag="655"><subfield code="a">Newspapers.</subfield><subfield code="2">fast</subfield><subfield code="0">(OCoLC)fst01423814</subfield></datafield><datafield ind1=" " ind2="7" tag="651"><subfield code="a">Minnesota</subfield><subfield code="z">Glencoe.</subfield><subfield code="2">fast</subfield><subfield code="0">(OCoLC)fst01227772</subfield></datafield><datafield ind1=" " ind2=" " tag="752"><subfield code="a">United States</subfield><subfield code="b">Minnesota</subfield><subfield code="c">McLeod</subfield><subfield code="d">Glencoe.</subfield></datafield><datafield ind1="0" ind2="4" tag="785"><subfield code="t">Glencoe enterprise</subfield><subfield code="w">(DLC)sn 83016543</subfield></datafield></record>